@book{kobzar2012asm,
    title={Прикладная математическая статистика. Для инженеров и научных работников},
    author={Кобзарь, Александр Иванович},
    year={2012},
    publisher={Физматлит}
}

@article{shapiro,
    ISSN = {00063444},
    URL = {http://www.jstor.org/stable/2333709},
    author = {S. S. Shapiro and M. B. Wilk},
    journal = {Biometrika},
    number = {3/4},
    pages = {591--611},
    publisher = {[Oxford University Press, Biometrika Trust]},
    title = {An Analysis of Variance Test for Normality (Complete Samples)},
    volume = {52},
    year = {1965}
}

@article{shapiro_power,
    author = {Mohd Razali, Nornadiah and Yap, Bee},
    year = {2011},
    month = {01},
    pages = {},
    title = {Power Comparisons of Shapiro-Wilk, Kolmogorov-Smirnov, Lilliefors and Anderson-Darling Tests},
    volume = {2},
    journal = {J. Stat. Model. Analytics}
}

@article{wilcoxon,
    ISSN = {00994987},
    URL = {http://www.jstor.org/stable/3001968},
    author = {Frank Wilcoxon},
    journal = {Biometrics Bulletin},
    number = {6},
    pages = {80--83},
    publisher = {[International Biometric Society, Wiley]},
    title = {Individual Comparisons by Ranking Methods},
    volume = {1},
    year = {1945}
}

@article{mannwhitneyu,
    ISSN = {00034851},
    URL = {http://www.jstor.org/stable/2236101},
    abstract = {Let x and y be two random variables with continuous cumulative distribution functions f and g. A statistic U depending on the relative ranks of the x's and y's is proposed for testing the hypothesis f = g. Wilcoxon proposed an equivalent test in the Biometrics Bulletin, December, 1945, but gave only a few points of the distribution of his statistic. Under the hypothesis f = g the probability of obtaining a given U in a sample of n x's and m y's is the solution of a certain recurrence relation involving n and m. Using this recurrence relation tables have been computed giving the probability of U for samples up to n = m = 8. At this point the distribution is almost normal. From the recurrence relation explicit expressions for the mean, variance, and fourth moment are obtained. The 2rth moment is shown to have a certain form which enabled us to prove that the limit distribution is normal if m, n go to infinity in any arbitrary manner. The test is shown to be consistent with respect to the class of alternatives $f(x) > g(x)$ for every x.},
    author = {H. B. Mann and D. R. Whitney},
    journal = {The Annals of Mathematical Statistics},
    number = {1},
    pages = {50--60},
    publisher = {Institute of Mathematical Statistics},
    title = {On a Test of Whether one of Two Random Variables is Stochastically Larger than the Other},
    volume = {18},
    year = {1947}
}

@article{ks_2samp,
    author = { Frank J.   Massey   Jr. },
    title = {The Kolmogorov-Smirnov Test for Goodness of Fit},
    journal = {Journal of the American Statistical Association},
    volume = {46},
    number = {253},
    pages = {68-78},
    year  = {1951},
    publisher = {Taylor & Francis},
    doi = {10.1080/01621459.1951.10500769},
    URL = {https://www.tandfonline.com/doi/abs/10.1080/01621459.1951.10500769},
    eprint = {https://www.tandfonline.com/doi/pdf/10.1080/01621459.1951.10500769}
}

@article{namiot2020,
  title={Матрицы корреспонденций и анализ пассажирских потоков},
  author={Намиот, ДЕ and Некраплённая, МН and Покусаев, ОН and Чекмарев, АЕ},
  journal={International Journal of Open Information Technologies},
  volume={8},
  number={4},
  year={2020},
  publisher={Лаборатория Открытых Информационных Технологий факультета ВМК МГУ им. МВ~…}
}

@article{necr2019,
  title={Анализ матриц корреспонденции метро},
  author={Некраплённая, МН and Намиот, ДЕ},
  journal={International Journal of Open Information Technologies},
  volume={7},
  number={7},
  year={2019},
  publisher={Лаборатория Открытых Информационных Технологий факультета ВМК МГУ им. МВ~…}
}

@article{namiot2021,
  title={КУДА И КОГДА-ОБ ОДНОМ ПОДХОДЕ К АНАЛИЗУ ТРАФИКА В ГОРОДЕ},
  author={Намиот, ДЕ and Акимов, АВ and Некраплённая, МН and Покусаев, ОН},
  journal={International Journal of Open Information Technologies},
  volume={9},
  number={3},
  year={2021},
  publisher={Лаборатория Открытых Информационных Технологий факультета ВМК МГУ им. МВ~…}
}

@article{duan2018understanding,
  title={Understanding multiple days’ metro travel demand at aggregate level},
  author={Duan, Zhengyu and Lei, Zengxiang and Zhang, Michael and Li, Haifeng and Yang, Dongyuan},
  journal={IET Intelligent Transport Systems},
  volume={13},
  number={5},
  pages={756--763},
  year={2018},
  publisher={IET}
}

@article{niu2015novel,
  title={A novel attack to spatial cloaking schemes in location-based services},
  author={Niu, Ben and Zhu, Xiaoyan and Li, Qinghua and Chen, Jie and Li, Hui},
  journal={Future Generation Computer Systems},
  volume={49},
  pages={125--132},
  year={2015},
  publisher={Elsevier}
}

@inproceedings{namiot2017survey,
  title={A Survey of Smart Cards Data Mining.},
  author={Namiot, Dmitry and Sneps-Sneppe, Manfred},
  booktitle={AIST (Supplement)},
  pages={314--325},
  year={2017}
}

@article{sweeney2002k,
  title={k-anonymity: A model for protecting privacy},
  author={Sweeney, Latanya},
  journal={International Journal of Uncertainty, Fuzziness and Knowledge-Based Systems},
  volume={10},
  number={05},
  pages={557--570},
  year={2002},
  publisher={World Scientific}
}

@inproceedings{djukic2012efficient,
  title={Efficient real time OD matrix estimation based on Principal Component Analysis},
  author={Djukic, Tamara and Fl{\"o}tter{\"o}d, Gunnar and Van Lint, Hans and Hoogendoorn, Serge},
  booktitle={2012 15th International IEEE Conference on Intelligent Transportation Systems},
  pages={115--121},
  year={2012},
  organization={IEEE}
}